<?xml version="1.0" encoding="UTF-8"?><record xmlns="http://www.loc.gov/MARC21/slim" xmlns:cinclude="http://apache.org/cocoon/include/1.0" xmlns:zs="http://www.loc.gov/zing/srw/">
  <leader>00571nz  a2200133n  4500</leader>
  <controlfield tag="001">n  82132457 </controlfield>
  <controlfield tag="003">DLC</controlfield>
  <controlfield tag="005">19840322000000.0</controlfield>
  <controlfield tag="008">820928n| acannaab|          |a aaa ||| c</controlfield>
  <datafield tag="010" ind1=" " ind2=" ">
    <subfield code="a">n  82132457 </subfield>
  </datafield>
  <datafield tag="040" ind1=" " ind2=" ">
    <subfield code="a">DGPO</subfield>
    <subfield code="c">DLC</subfield>
  </datafield>
  <datafield tag="100" ind1="1" ind2="0">
    <subfield code="a">McAnally, William H.</subfield>
  </datafield>
  <datafield tag="400" ind1="1" ind2="0">
    <subfield code="a">McAnally, W. H.</subfield>
    <subfield code="q">(William H.)</subfield>
  </datafield>
  <datafield tag="670" ind1=" " ind2=" ">
    <subfield code="a">Letter, J.V. Physical hydraulic models--assessment of predictive capabilities, 1981 (a.e.)</subfield>
    <subfield code="b">t.p. (William H. McAnally, Jr., Hydraulics Lab., U.S. Army Engineer Waterways Experiment Station, Vicksburg, Miss.) p. 1 (W. H. McAnally, Jr., Estuarine Res. Projects Manager)</subfield>
  </datafield>
</record>